<record xmlns='http://www.loc.gov/MARC21/slim'><leader>02319cgm a2200421 a 4500</leader><controlfield tag='001'>5014844</controlfield><controlfield tag='005'>20141228113155.0</controlfield><controlfield tag='007'>vf|cbahou</controlfield><controlfield tag='008'>040225s2003    xx 100 e          vleng d</controlfield><datafield ind1=' ' ind2=' ' tag='035'><subfield code='a'>(OCoLC)64054804</subfield></datafield><datafield ind1=' ' ind2=' ' tag='035'><subfield code='a'>5014844</subfield></datafield><datafield ind1=' ' ind2=' ' tag='040'><subfield code='a'>NIC</subfield><subfield code='c'>NIC</subfield></datafield><datafield ind1=' ' ind2=' ' tag='043'><subfield code='a'>n-us---</subfield></datafield><datafield ind1='0' ind2='4' tag='245'><subfield code='a'>The souls of Black folk - 100 years</subfield><subfield code='h'>[videorecording] :</subfield><subfield code='b'>W.E.B. DuBois&apos; concept of the color into the 21st century : fall 2003 Africana Studies Research Center colloquium celebrating the life and ideas of W.E.B. DuBois in the 21st century /</subfield><subfield code='c'>[Africana Studies and Research Center, Cornell University].</subfield></datafield><datafield ind1='3' ind2='0' tag='246'><subfield code='a'>Fall 2003 Africana Studies and Research Center colloquium celebrating the life and ideas of W.E.B. DuBois in the 21st century</subfield></datafield><datafield ind1='3' ind2='0' tag='246'><subfield code='a'>Celebrating the life and ideas of W.E.B. DuBois in the 21st century</subfield></datafield><datafield ind1='3' ind2='0' tag='246'><subfield code='a'>W.E.B. DuBois&apos; concept of the color into the 21st century</subfield></datafield><datafield ind1=' ' ind2=' ' tag='260'><subfield code='c'>2003.</subfield></datafield><datafield ind1=' ' ind2=' ' tag='300'><subfield code='a'>1 videocassette (100 min.) :</subfield><subfield code='b'>sd., col. ;</subfield><subfield code='c'>1/2 in.</subfield></datafield><datafield ind1=' ' ind2=' ' tag='538'><subfield code='a'>VHS.</subfield></datafield><datafield ind1=' ' ind2=' ' tag='500'><subfield code='a'>Title from label on videocassette.</subfield></datafield><datafield ind1='0' ind2=' ' tag='511'><subfield code='a'>Presented by James Turner (professor, Africana Studies and Research Center, Cornell University).</subfield></datafield><datafield ind1=' ' ind2=' ' tag='518'><subfield code='a'>Videotaped live on Octover 22, 2003 at Africana Studies and Research Center, Cornell University.</subfield></datafield><datafield ind1=' ' ind2=' ' tag='520'><subfield code='a'>James Turner relates the legacy of DuBois to the study of race in American as a social phenomena and a marker of social inequity. Focuses on DuBois&apos; three works: The Philadelphia negro, Conservation of races, and Of our spiritual strivings.</subfield></datafield><datafield ind1=' ' ind2='0' tag='650'><subfield code='a'>African Americans</subfield><subfield code='v'>Congresses.</subfield></datafield><datafield ind1=' ' ind2='0' tag='651'><subfield code='a'>United States</subfield><subfield code='x'>Race relations</subfield><subfield code='v'>Congresses.</subfield></datafield><datafield ind1=' ' ind2='0' tag='650'><subfield code='a'>African Americans</subfield><subfield code='x'>Race identity</subfield><subfield code='v'>Congresses.</subfield></datafield><datafield ind1=' ' ind2='7' tag='650'><subfield code='a'>African Americans</subfield><subfield code='2'>fast</subfield><subfield code='0'>(OCoLC)fst00799558</subfield></datafield><datafield ind1=' ' ind2='7' tag='650'><subfield code='a'>African Americans</subfield><subfield code='x'>Race identity</subfield><subfield code='2'>fast</subfield><subfield code='0'>(OCoLC)fst00799666</subfield></datafield><datafield ind1=' ' ind2='7' tag='650'><subfield code='a'>Race relations</subfield><subfield code='2'>fast</subfield><subfield code='0'>(OCoLC)fst01086509</subfield></datafield><datafield ind1=' ' ind2='7' tag='651'><subfield code='a'>United States</subfield><subfield code='2'>fast</subfield><subfield code='0'>(OCoLC)fst01204155</subfield></datafield><datafield ind1=' ' ind2='7' tag='655'><subfield code='a'>Conference proceedings</subfield><subfield code='2'>fast</subfield><subfield code='0'>(OCoLC)fst01423772</subfield></datafield><datafield ind1='1' ind2=' ' tag='700'><subfield code='a'>Turner, James,</subfield><subfield code='d'>1940-</subfield></datafield><datafield ind1='1' ind2=' ' tag='700'><subfield code='a'>Du Bois, W. E. B.</subfield><subfield code='q'>(William Edward Burghardt),</subfield><subfield code='d'>1868-1963.</subfield></datafield><datafield ind1='2' ind2=' ' tag='710'><subfield code='a'>Cornell University.</subfield><subfield code='b'>Africana Studies and Research Center.</subfield></datafield><datafield ind1='1' ind2=' ' tag='948'><subfield code='a'>20040225</subfield><subfield code='b'>o</subfield><subfield code='d'>sok1</subfield><subfield code='e'>lts</subfield></datafield><datafield ind1='2' ind2=' ' tag='948'><subfield code='a'>20040603</subfield><subfield code='b'>a</subfield><subfield code='d'>pd36</subfield><subfield code='e'>lts</subfield><subfield code='f'>?</subfield><subfield code='h'>?</subfield></datafield><datafield ind1='2' ind2=' ' tag='948'><subfield code='a'>20141228</subfield><subfield code='b'>m</subfield><subfield code='d'>batch</subfield><subfield code='e'>lts</subfield><subfield code='x'>addfast</subfield></datafield></record>